@phdthesis{2011基于“环境,
  title={基于“环境-行为”本体模型的软件可信演化研究},
  school={重庆大学},
  year={2011},
}
@phdthesis{2009贝叶斯网络在软件可信性评估指标体系中的应用,
  title={贝叶斯网络在软件可信性评估指标体系中的应用},
  school={山东轻工业学院},
  year={2009},
}
@article{Wang2006Trustworthiness,
  title={Trustworthiness of Internet-based software},
  author={Wang, Huaimin and Tang, Yangbin and Gang, Yin and Lei, Li},
  journal={Science China Information Sciences},
  volume={49},
  number={6},
  pages={759-773},
  year={2006},
}
% @article{陈翔2016静态软件缺陷预测方法研究,
%   title={静态软件缺陷预测方法研究},
%   author={陈翔 and 顾庆 and 刘望舒},
%   journal={软件学报},
%   volume={27},
%   number={1},
%   page={1-25},
%   year={2016},
% }
@article{熊伟2010基于,
  title={基于QFD技术的软件可信性评估研究},
  author={熊伟 and 王娟丽 and 蔡铭 and XIONGWei and WANGJuan-li and CAIMing},
  journal={计算机应用研究},
  volume={27},
  number={8},
  pages={2991-2994},
  year={2010},
}
@article{InverardiP1994AdaptationDependability,
  title={The Future of Software: Adaptation and Dependability},
  author={Inverardi P and Tivoli M},
  journal={Software Engineering, International Summer Schools, Issse, Salerno, Italy, Revised Tutorial Lectures},
  year={1994},
}
@phdthesis{彭涛2014基于SCADE的信息物理融合系统的分析和设计方法,
	title={基于SCADE的信息物理融合系统的分析和设计方法},
	author={彭涛},
	school={广东工业大学},
	year={2014},
}
@book{2006城市轨道交通信号设备,
	title={城市轨道交通信号设备},
	author={林瑜筠},
	year={2006},
}
@article{计算机联锁系统,
  author={Baidubaike},
  title={计算机联锁系统},
  year={2019},
  url={https://baike.baidu.com/item/%E8%AE%A1%E7%AE%97%E6%9C%BA%E8%81%94%E9%94%81%E7%B3%BB%E7%BB%9F/9744639},
  note={[Online accessed 2019]}
  }

@article{杨学伟2012论城市地铁文化建设的策略,
  title={论城市地铁文化建设的策略},
  author={杨学伟},
  journal={城市建设理论研究：电子版},
  year={2012},
}
% @article{邹莉2018对地铁通信系统常见故障问题的分析和若干建议,
%   title={对地铁通信系统常见故障问题的分析和若干建议},
%   author={邹莉},
%   journal={通信设计与应用},
%   year={2018},
% }
@article{蔡斯博2010一种支持软件资源可信评估的框架,
  title={一种支持软件资源可信评估的框架},
  author={蔡斯博 and 邹艳珍and 邵凌霜},
  journal={软件学报},
  volume={21},
  number={2},
  pages={359-372},
  year={2010},
}
@article{杨善林2009一种基于效用和证据理论的可信软件评估方法,
  title={一种基于效用和证据理论的可信软件评估方法},
  author={杨善林 and 丁帅 and 褚伟},
  journal={计算机研究与发展},
  number={7},
  year={2009},
}
@phdthesis{洪宏2010基于元模型的软件可信评估方法及工具实现,
  title={基于元模型的软件可信评估方法及工具实现},
  author={洪宏},
  school={南京航空航天大学},
  year={2010},
}
% @article{丁学雷2010面向验证的软件可信证据与可信评估,
%   title={面向验证的软件可信证据与可信评估},
%   author={丁学雷 and 王怀民 and 王元元},
%   journal={计算机科学与探索},
%   volume={4},
%   number={1},
%   pages={46-53},
%   year={2010},
% }
@inproceedings{Zhang2012An,
  title={An Evaluation Model Of Software Trustworthiness Based On Fuzzy Comprehensive Evaluation Method},
  author={Zhang, Yuejin and Zhang, Yanmei and Mo, Hai},
  booktitle={International Conference on Industrial Control \& Electronics Engineering},
  year={2012},
}
@article{王德鑫2018支持软件过程可信评估的可信证据,
  title={支持软件过程可信评估的可信证据},
  author={王德鑫 and 王青},
  journal={软件学报},
  volume={29}
  number={1},
  pages={178-200},
  year={2018},
}
@article{赵倩2011基于,
	title={基于Pi演算的软件可信性度量方法},
	author={赵倩 and 王慧强 and 冯光升 and 赵靖},
	journal={吉林大学学报(工)},
	volume={41},
	number={6},
	pages={1684-1689},
	year={2011},
}
@article{王婧2015航天嵌入式软件可信性度量方法及应用研究,
  title={航天嵌入式软件可信性度量方法及应用研究},
  author={王婧 and 陈仪香 and 顾斌},
  journal={中国科学:技术科学},
  number={2},
  pages={221-228},
  year={2015},
}
@article{AmorosoE1991TowardanApproach,
  title={Toward an Approach to Measuring Software Trust},
  author={Amoroso E and Nguyen T and Weiss J},
  journal={IEEE Computer Society Symposium on Research in Security \& Privacy},
  year={1991},
}
@article{AmorosoE1994Aprocess-orientedmethodology,
  title={A process-oriented methodology for assessing and improving software trustworthiness},
  author={Amoroso E and Taylor C and Watson J},
  journal={Conference on Ccs},
  year={1994.},
}
@book{Abrial2013Modeling,
  title={Modeling in Event-B - System and Software Engineering},
  author={Abrial, Jean Raymond},
  year={2013},
}
@phdthesis{伍志强2019基于可信证据的软件可信性计算模型设计与工具实现,
  title={基于可信证据的软件可信性计算模型设计与工具实现},
  author={伍志强},
  school={华东师范大学},
  year={2019},
}
@phdthesis{李岩2017软件可信性静态度量模型设计与工具实现,
  title={软件可信性静态度量模型设计与工具实现},
  author={李岩},
  school={华东师范大学},
  year={2017},
}
@book{于本海2014可信软件测度理论与方法,
  title={可信软件测度理论与方法},
  author={于本海},
  publisher={科学出版社s},
  year={2014},
}
@article{张俊2016一种基于软件属性相互影响和重要性的属性权重分配方法,
  title={一种基于软件属性相互影响和重要性的属性权重分配方法},
  author={张俊 and 周勇},
  journal={计算机应用研究},
  volume={33},
  number={5},
  pages={1390-1394},
  year={2016},
}
@phdthesis{2011改进的最大优先指标及在计算机化自适应诊断测验中的应用,
  title={改进的最大优先指标及在计算机化自适应诊断测验中的应用},
  school={江西师范大学},
  year={2011},
}
@article{Schneider1999Trust,
  title={Trust in Cyberspace},
  author={Schneider, Fred B},
  year={1999},
}
@article{刘克2008“可信软件基础研究”重大研究计划综述,
  title={“可信软件基础研究”重大研究计划综述},
  author={刘克 and 单志广 and 王戟},
  journal={中国科学基金},
  volume={22},
  number={3},
  pages={145-151},
  year={2008},
}
@article{王怀民2010网络时代的软件可信演化,
  title={网络时代的软件可信演化},
  author={王怀民 and 尹刚},
  journal={中国计算机学会通讯},
  volume={6},
  number={2},
  pages={28-36},
  year={2010},
}
@article{李俊霖2016一种可信属性之间的相关性分析方法,
  title={一种可信属性之间的相关性分析方法},
  author={李俊霖 and 高涛 and 郁湧},
  journal={软件工程},
  volume={19},
  number={1},
  pages={32-34},
  year={2016},
}
@article{Becker2006Trustworthy,
  title={Trustworthy software systems: a discussion of basic concepts and terminology},
  author={Becker, Steffen and Hasselbring, Wilhelm and Paul, Alexandra and Boskovic, Marko and Koziolek, Heiko and Ploski, Jan and Dhama, Abhishek and Lipskoch, Henrik and Rohr, Matthias and Winteler, Daniel},
  journal={Acm Sigsoft Software Engineering Notes},
  volume={31},
  number={6},
  pages={1-18},
  year={2006},
}
% @article{Avizienis2004Basicconcepts,
%   title={Basic concepts and taxonomy of dependable and secure computing},
%   author={Avizienis A and Laprie J C and Randell B},
%   journal={IEEE Transactions on Dependable and Secure Computing},
%   volume={1},
%   number={1},
%   pages={11-13},
%   year={2004},
% }
@article{陈火旺2003高可信软件工程技术 ,
  title={高可信软件工程技术},
  author={陈火旺 and 王戟 and 董威},
  journal={电子学报},
  volume={31},
  number={S1},
  pages={1933-1938},
  year={2003},
}
@inproceedings{Tao2014A,
  title={A QUANTITATIVE RELATION MODEL BETWEEN TRUSTWORTHY ATTRIBUTES},
  author={Tao, Hongwei and Chen, Yixiang},
  booktitle={Quantitative Logic \& Soft Computing-the Ql\&sc},
  year={2014},
}
@phdthesis{陶红伟2011基于属性的软件可信性度量模型研究,
  title={基于属性的软件可信性度量模型研究},
  author={陶红伟},
  school={华东师范大学},
  year={2011},
}
@techreport{EN50126,
  title={铁路应用-可靠性，可用性，可维护性和安全性（RAMS）的规范和示例},
}
@article{施光源2011一种基于多可信属性的证据模型建立方法,
  title={一种基于多可信属性的证据模型建立方法},
  author={施光源 and 付颖芳},
  journal={贵州师范大学学报(自然科学版)},
  volume={29},
  number={3},
  pages={66-74},
  year={2011},
}
@techreport{ISO9126-22001,
  title={Software engineering - Product quality, Part 2:. External metrics},
  author={ISO9126},
  institution={ISO},
  year={2001},
}
@techreport{ISO9126-32001,
  title={Software engineering - Product quality, Part 3 . Internal metrics},
  author={ISO9126},
  institution={ISO},
  year={2001},
}
@book{2004结构方程模型及其应用,
  title={结构方程模型及其应用},
  year={2004},
}
@phdthesis{邹德玲2016网络嵌入视角下KIBS企业服务创新绩效影响机制研究,
	title={网络嵌入视角下KIBS企业服务创新绩效影响机制研究},
	author={邹德玲},
	school={东华大学},
	year={2016},
}
@article{王玖河2017顾客参与价值共创机理研究——基于结构方程模型的量化分析,
  title={顾客参与价值共创机理研究——基于结构方程模型的量化分析},
  author={王玖河 and 刘琳},
  journal={企业经济},
  number={02},
  pages={75-83},
  year={2017},
}
@article{戴君2015基于结构方程模型的可持续供应链绩效评价研究,
	title={基于结构方程模型的可持续供应链绩效评价研究},
	author={戴君 and 贾琪 and 谢琍 and 王晶},
	journal={生态经济},
	volume={31},
	number={4},
	pages={86-89},
	year={2015},
}

% @article{古亮2010基于TPM的运行时软件可信证据收集机制,
%   title={基于TPM的运行时软件可信证据收集机制},
%   author={古亮 and 郭耀 and 王华},
%   journal={软件学报},
%   volume={21},
%   number={2},
%   pages={373-387},
%   year={2010},
% }
@book{Hasselbring2006Toward,
  title={Toward Trustworthy Software Systems},
  author={Hasselbring, Wilhelm and Reussner, Ralf},
  pages={91-92},
  year={2006},
}
@article{周涛2006结构方程模型及其在实证分析中的应用,
  title={结构方程模型及其在实证分析中的应用},
  author={周涛 and 鲁耀斌},
  journal={工业工程与管理},
  number={5},
  year={2006},
}
@book{吴明隆2010结构方程模型,
  title={结构方程模型——AMOS的操作与应用},
  author={吴明隆},
  publisher={重庆：重庆大学出版社},
  year={2010},
}
@article{程开明2006结构方程模型的特点及应用,
  title={结构方程模型的特点及应用},
  author={程开明},
  journal={统计与决策},
  number={10},
  year={2006},
}
@book{Gutierrez2017Spring,
  title={Spring Boot},
  author={Gutierrez, Felipe},
  year={2017},
}
@book{2012Spring,
  title={Spring技术内幕:深入解析Spring架构与设计原理},
  year={2012},
}
@book{张卫祥2015软件可信性定量评估,
  title={软件可信性定量评估:模型、方法与实施},
  author={张卫祥 and 刘文红 and 吴欣},
  publisher={清华大学出版社},
  year={2015},
}
@phdthesis{2016企业实施精益管理的驱动力研究,
  title={企业实施精益管理的驱动力研究},
  school={天津大学},
  year={2016},
}
@phdthesis{杜元伟2007风险投资项目组合优化方法与其应用研究,
  title={风险投资项目组合优化方法与其应用研究},
  author={杜元伟},
  school={吉林大学},
  year={2007},
}
@article{汪莹2012浅谈软件需求分析,
  title={浅谈软件需求分析},
  author={汪莹 and 孙玉涛},
  journal={电子世界},
  number={17},
  pages={105-106},
  year={2012},
}
@article{郭婉琴2014一种机载软件安全性需求获取方法,
  title={一种机载软件安全性需求获取方法},
  author={郭婉琴 and 王新刚},
  journal={航空科学技术},
  number={9},
  pages={48-51},
  year={2014},
}
@article{张运新2017某校学生对校园文体活动主观感受的调查问卷信度分析,
  title={某校学生对校园文体活动主观感受的调查问卷信度分析},
  author={张运新 and 王泉武},
  journal={卫生职业教育},
  volume={35},
  number={5},
  pages={107-107},
  year={2017},
}
@article{赵怡晴2016产品质量风险监控绩效评估的结构方程模型,
  title={产品质量风险监控绩效评估的结构方程模型},
  author={赵怡晴 and 胡晓运 and 李仲学 and 秦南 and 高启明},
  journal={数理统计与管理},
  volume={35},
  number={5},
  pages={856-867},
  year={2016},
}
@article{何耀2017公众低碳出行行为决策模型的研究,
  title={公众低碳出行行为决策模型的研究},
  author={何耀 and 方晓平 and 杨扬 and 何卫 and HEYao and FANGXiaoping and YANGYang and HEWei},
  journal={铁道科学与工程学报},
  number={5},
  pages={1077-1085},
  year={2017},
}

@article{Cronbach’sAlpha,
  author={Baidubaike},
  title={克朗巴哈系数},
  year={2019},
  url={https://baike.baidu.com/item/%E5%85%8B%E6%9C%97%E5%B7%B4%E5%93%88%E7%B3%BB%E6%95%B0/4350690},
  note={[Online accessed 2019]}
  }
@article{赵学金2009基于结构方程的知识型服务质量的评价方法,
  title={基于结构方程的知识型服务质量的评价方法},
  author={赵学金 and 吴育华},
  journal={电子科技大学学报（社会科学版）},
  volume={11},
  number={3},
  pages={32-36},
  year={2009},
}
@article{乔红丽2017移动图书馆用户体验的结构方程模型分析,
  title={移动图书馆用户体验的结构方程模型分析},
  author={乔红丽},
  journal={情报科学},
  number={2},
  pages={56-62},
  year={2017},
}
@article{陈仪香2016一种软件可信性量化评估与设计方法,
  title={一种软件可信性量化评估与设计方法},
  author={陈仪香 and 马煜婧 and 李岩 and 王保华},
  year={2016},
}
@article{Li2017Research,
  title={Research on building software usage model based on UML model},
  author={Li, Honghui and Zhao, Aihua and Zhang, Dalin and Zhang, Junwen},
  journal={International Journal of System Assurance Engineering \& Management},
  volume={9},
  number={10},
  pages={1-9},
  year={2017},
}
@article{刘秋艳2017多要素评价中指标权重的确定方法评述,
  title={多要素评价中指标权重的确定方法评述},
  author={刘秋艳 and 吴新年},
  journal={知识管理论坛},
  year={2017},
}
@article{刘畅2006我国火电企业投资决策影响因素评价方法及模型研究,
  title={我国火电企业投资决策影响因素评价方法及模型研究},
  author={刘畅},
  journal={重庆文理学院学报：自然科学版},
  volume={5},
  number={10},
  pages={22-24},
  year={2006},
}
@article{李强2017基于层次分析法的铁路,
  title={基于层次分析法的铁路PPP项目风险评价},
  author={李强 and 韩俊涛 and 王永成 and 乐逸祥},
  journal={铁道运输与经济},
  volume={39},
  number={10},
  pages={7-11},
  year={2017},
}
@article{王凯2018一种新的评价结构方程模型拟合效果的校正拟合指数,
  title={一种新的评价结构方程模型拟合效果的校正拟合指数},
  author={王凯},
  year={2018},
}


@article{王雪丽2016面向可信软件的风险评估方法,
  title={面向可信软件的风险评估方法},
  author={王雪丽 and 张璇 and 李彤},
  journal={计算机工程与应用唯一官方网站},
  volume={52},
  number={19},
  pages={97-101},
  year={2016},
}
@article{mvc体系结构,
	author={Baidubaike},
	title={mvc体系结构},
	year={2019},
	url={https://www.cnblogs.com/xiaxiaoshu/p/9073209.html},
	note={[Online accessed 2019]}
}











































% 。。。。。。。。。。。。。
@article{闵应骅1994计算机系统的可信性,
  title={计算机系统的可信性},
  author={闵应骅},
  journal={百科知识},
  number={2},
  pages={50-51},
  year={1994},
}
@article{闵应骅1994计算机系统的可信性,
  title={计算机系统的可信性},
  author={闵应骅},
  journal={百科知识},
  number={2},
  pages={50-51},
  year={1994},
}
@article{闵应骅1994计算机系统的可信性,
  title={计算机系统的可信性},
  author={闵应骅},
  journal={百科知识},
  number={2},
  pages={50-51},
  year={1994},
}
@article{闵应骅1994计算机系统的可信性,
  title={计算机系统的可信性},
  author={闵应骅},
  journal={百科知识},
  number={2},
  pages={50-51},
  year={1994},
}
@article{张卫祥2013基于数据融合的全生命周期软件可信性定量评估方法,
  title={基于数据融合的全生命周期软件可信性定量评估方法},
  author={张卫祥 and 刘文红 and 吴欣},
  journal={计算机科学},
  volume={40},
  number={11a},
  pages={192-195},
  year={2013},
}
@phdthesis{李岩2017软件可信性静态度量模型设计与工具实现,
  title={软件可信性静态度量模型设计与工具实现},
  author={李岩},
  school={华东师范大学},
  year={2017},
}
@article{唐佳俊2013一种,
  title={一种Web服务组合的可信评估方法},
  author={唐佳俊 and 黄志球 and 王进},
  journal={计算机科学},
  volume={40},
  number={2},
  pages={163-166},
  year={2013},
}
@article{李俊霖2016一种可信属性之间的相关性分析方法,
  title={一种可信属性之间的相关性分析方法},
  author={李俊霖 and 高涛 and 郁湧},
  journal={软件工程},
  volume={19},
  number={1},
  pages={32-34},
  year={2016},
}
@phdthesis{张乐文2013软件可信度量模型设计与工具实现,
  title={软件可信度量模型设计与工具实现},
  author={张乐文},
  school={华东师范大学},
  year={2013},
}
@article{葛笑春2018基于社会责任视角的我国非营利组织网站测评研究,
  title={基于社会责任视角的我国非营利组织网站测评研究},
  author={葛笑春 and 刘丽 and 刘虎},
  journal={科技和产业},
  number={3},
  pages={50-56},
  year={2018},
}
@article{孙峻朝1998计算机系统开发中的可信性评价概述,
  title={计算机系统开发中的可信性评价概述},
  author={孙峻朝 and 王建莹 and 杨孝宗},
  journal={计算机工程与科学},
  volume={20},
  number={1},
  pages={43-47},
  year={2006},
}
@book{Schneider1998Trust,
  title={Trust in Cyberspace},
  author={Schneider, Fred B},
  publisher={National Academy Press},
  year={1998},
}
@article{刘克2008“可信软件基础研究”重大研究计划综述,
  title={“可信软件基础研究”重大研究计划综述},
  author={刘克 and 单志广 and 王戟 and 何积丰 and 张兆田 and 秦玉文},
  journal={中国科学基金},
  volume={22},
  number={3},
  pages={145-151},
  year={2008},
}
@article{袁由光2000可信性概念与可信性计算系统的研究,
  title={可信性概念与可信性计算系统的研究},
  author={袁由光 and 李海山},
  journal={舰船电子工程},
  number={6},
  pages={14-18},
  year={2000},
}
@article{杨仕平2004高可信软件的防危性评估研究,
  title={高可信软件的防危性评估研究},
  author={杨仕平 and 熊光泽 and 桑楠 and 吴新勇},
  journal={计算机工程与设计},
  volume={25},
  number={2},
  pages={161-165},
  year={2004},
}
@book{王崑声2015嵌入式软件安全保证技术,
  title={嵌入式软件安全保证技术},
  author={王崑声},
  publisher={国防工业出版社},
  year={2015},
}
@book{Favre2006International,
  title={International Organization for Standardization (ISO)},
  author={Favre, Christian J.},
  publisher={John Wiley \& Sons, Inc.},
  pages={379–383},
  year={2006},
}
@book{张卫祥2015软件可信性定量评估,
  title={软件可信性定量评估:模型、方法与实施},
  author={张卫祥 and 刘文红 and 吴欣},
  publisher={清华大学出版社},
  year={2015},
}

@book{Laprie1995DEPENDABLE,
  title={DEPENDABLE COMPUTING AND FAULT TOLERANCE :    CONCEPTS AND TERMINOLOGY},
  author={Laprie, J. C},
  year={1995},
}
@article{Reznik2007Model,
  title={Model Driven Development of Security Aspects},
  author={Reznik, Julia and Ritter, Tom and Schreiner, Rudolf and Lang, Ulrich},
  journal={Electronic Notes in Theoretical Computer Science},
  volume={163},
  number={2},
  pages={65-79},
  year={2007},
}
@article{Zheng2009Complexity,
  title={Complexity of software trustworthiness and its dynamical statistical analysis methods},
  author={Zheng, Zhi Ming and Shilong, M. A. and Wei, L. I. and Xin, Jiang and Wei, Wei},
  journal={Science in China},
  volume={52},
  number={9},
  pages={1651-1657},
  year={2009},
}
@article{Boehm2001Software,
  title={Software Defect Reduction Top 10 List},
  author={Boehm, Barry and Basili, Victor R},
  journal={Computer\& Digital Engineering},
  volume={34},
  number={1},
  pages={135-137},
  year={2001},
}
@article{李珍2012基于分级属性的软件监控点可信行为模型,
  title={基于分级属性的软件监控点可信行为模型},
  author={李珍 and 田俊峰 and 赵鹏远},
  journal={电子与信息学报},
  volume={34},
  number={6},
  pages={1445-1451},
  year={2012},
}
@article{丁学雷2010面向验证的软件可信证据与可信评估,
  title={面向验证的软件可信证据与可信评估},
  author={丁学雷 and 王怀民 and 王元元 and 卢刚},
  journal={计算机科学与探索},
  volume={4},
  number={1},
  pages={46-53},
  year={2010},
}
@article{古亮2010基于,
  title={基于TPM的运行时软件可信证据收集机制},
  author={古亮 and 郭耀 and 王华 and 邹艳珍 and 谢冰 and 邵维忠},
  journal={软件学报},
  volume={21},
  number={2},
  pages={373-387},
  year={2010},
}
@phdthesis{袁霖2011开源软件可信证据挖掘与分析,
  title={开源软件可信证据挖掘与分析},
  author={袁霖},
  school={国防科学技术大学},
  year={2011},
}
@book{A1991Dependable,
  title={Dependable Computing and Fault-Tolerant Systems},
  author={A. Avižienis and H. Kopetz and J. C. Laprie},
  publisher={Springer-Verlag},
  year={1991},
}
@article{位通2015基于本体的软件属性可信性研究,
  title={基于本体的软件属性可信性研究},
  author={位通 and 贾仰理 and 张振领 and 贾保先},
  journal={工业},
  number={8},
  pages={29-29},
  year={2015},
}
@article{赵炳麟2016基于行为轨迹属性的软件动态可信模型,
  title={基于行为轨迹属性的软件动态可信模型},
  author={赵炳麟 and 孙启超 and 赵荣彩 and 范超},
  journal={计算机应用研究},
  volume={33},
  number={4},
  pages={1150-1153},
  year={2016},
}
@phdthesis{韩葆2012基于模型检验的软件可信性分析模型,
  title={基于模型检验的软件可信性分析模型},
  author={韩葆},
  school={北京工业大学},
  year={2012},
}
@article{孙晶2017开源软件可信性评价方法,
  title={开源软件可信性评价方法},
  author={孙晶 and 刘丽丽},
  journal={计算机工程与设计},
  number={12},
  pages={3272-3278},
  year={2017},
}
@article{周剑2012软件可信评估综述,
  title={软件可信评估综述},
  author={周剑 and 张明新},
  journal={计算机应用研究},
  volume={29},
  number={10},
  pages={3609-3613},
  year={2012},
}
@article{张俊2016一种基于软件属性相互影响和重要性的属性权重配方法,
  title={一种基于软件属性相互影响和重要性的属性权重分配方法},
  author={张俊 and 周勇},
  journal={计算机应用研究},
  volume={33},
  number={5},
  pages={1390-1394},
  year={2016},
}
@article{王犇2014基于多属性熵权合成的软件可信等级评估方法,
  title={基于多属性熵权合成的软件可信等级评估方法},
  author={王犇 and 周兴社 and 杨亚磊},
  journal={微电子学与计算机},
  number={6},
  pages={21-24},
  year={2014},
}
@article{曹忠升2008基于决策树的软件分类方法,
  title={基于决策树的软件分类方法},
  author={曹忠升 and 薛梅艳},
  journal={计算机工程},
  volume={34},
  number={1},
  pages={56-58},
  year={2008},
}
@article{俞文彬2000基于属性分类的数据挖掘方法,
  title={基于属性分类的数据挖掘方法},
  author={俞文彬 and 谢康林 and 张忠能 and YUWen-bin and XIEKang-lin and ZHANGZhong-neng},
  journal={小型微型计算机系统},
  volume={21},
  number={3},
  pages={305-308},
  year={2000},
}
@phdthesis{陶红伟2011基于属性的软件可信性度量模型研究,
  title={基于属性的软件可信性度量模型研究},
  author={陶红伟},
  school={华东师范大学},
  year={2011},
}
@phdthesis{李岩2017软件可信性静态度量模型设计与工具实现,
  title={软件可信性静态度量模型设计与工具实现},
  author={李岩},
  school={华东师范大学},
  year={2017},
}
@book{黄锡滋1993,
  title={软件的可靠性与安全性},
  author={黄锡滋},
  publisher={科学出版社},
  year={1993},
}
@inproceedings{Pavlovski2009Non,
  title={Non-functional requirements in business process modeling},
  author={Pavlovski, Christopher J and Zou, Joe},
  booktitle={Conceptual Modelling 2008, Fifth Asia-Pacific Conference on Conceptual Modelling},
  pages={103-112},
  year={2009},
}
@article{Casamayor2010Identification,
  title={Identification of non-functional requirements in textual specifications: A semi-supervised learning approach},
  author={Casamayor, Agustin and Godoy, Daniela and Campo, Marcelo},
  journal={Information \& Software Technology},
  volume={52},
  number={4},
  pages={436-445},
  year={2010},
}
@inproceedings{Rajski2002Embedded,
  title={Embedded Deterministic Test for Low-Cost Manufacturing Test},
  author={Rajski, Janusz and Tyszer, Jerzy and Kassab, Mark and Mukherjee, Nilanjan and Thompson, Rob and Tsai, Kun Han and Hertwig, Andre and Tamarapalli, Nagesh and Mrugalski, Grzegorz and Eide, Geir},
  booktitle={Proc. International Test Conference, Sep},
  pages={21},
  year={2002},
}
@article{Yoji2014The,
  title={The Method for Motivation by Quality Function Deployment (QFD)},
  author={Yoji, Akao and Ho, Horace},
  journal={Nang Yan Business Journal},
  volume={1},
  number={1},
  pages={1-9},
  year={2014},
}
@article{Chang2009Applying,
  title={Applying fuzzy hierarchy multiple attributes to construct an expert decision making process},
  author={Chang, Che Wei and Wu, Cheng Ru and Lin, Hung Lung},
  journal={Expert Systems with Applications},
  volume={36},
  number={4},
  pages={7363-7368},
  year={2009},
}
@inproceedings{Liu1996An,
  title={An analytic framework for specifying and analyzing imprecise requirements},
  author={Liu, Xiaoqing Frank and Yen, John},
  booktitle={International Conference on Software Engineering},
  pages={60-69},
  year={1996},
}
@article{Liao2006Method,
  title={Method of Software Quality Evaluation Based on Fuzzy Neural Network},
  author={Liao, Jin Shun and Pei, H. E.},
  journal={Computer Technology \& Development},
  year={2006},
}
@inproceedings{王小艺2008一种基于专家知识的软件质量多属性评价方法,
  title={一种基于专家知识的软件质量多属性评价方法},
  author={王小艺 and 刘载文 and 唐立军},
  booktitle={全国计算机技术与应用},
  year={2008},
}
@article{Mccall1977Factors,
  title={Factors in Software Quality. Volume 2. Metric Data Collection and Validation},
  author={Mccall, Jim A. and Richards, Paul K. and Walters, Gene F.},
  journal={Factors in Software Quality},
  year={1977},
}
@inproceedings{Boehm1976Quantitative,
  title={Quantitative evaluation of software quality},
  author={Boehm, B. W. and Brown, J. R. and Lipow, M.},
  booktitle={International Conference on Software Engineering},
  pages={592-605},
  year={1976},
}
@book{Grady1987Software,
  title={Software metrics: establishing a company-wide program},
  author={Grady, Robert B. and Caswell, Deborah L.},
  publisher={Prentice-Hall, Inc.},
  year={1987},
}
@book{Oliver1995SAFE,
  title={SAFE: A Programming Language for Software Quality},
  author={Oliver, B. K. and Dromey, R. G.},
  publisher={Springer US},
  pages={227-230},
  year={1995},
}
@article{Jung2004Measuring,
  title={Measuring software product quality: a survey of ISO/IEC 9126},
  author={Jung, Ho Won and Kim, Seung Gweon and Chung, Chang Shin},
  journal={IEEE Software},
  volume={21},
  number={5},
  pages={88-92},
  year={2004},
}
@article{Yin2011Construction,
  title={Construction of Internet-Based Trustworthy Software Production Service System},
  author={Yin, Gang and Wang, Huaimin and Yuan, Lin and Zhu, Yanxu and Shi, Dianxi},
  journal={Journal of Frontiers of Computer Science \& Technology},
  volume={5},
  number={10},
  pages={880-890},
  year={2011},
}
@article{Saaty2003Analytical,
  title={Analytical Hierarchy Process (AHP)},
  author={Saaty and Dr. Thomas},
  journal={Keputusan},
  year={2003},
}




@article{PLOVER2006,
  author={Steve Christey},
  title={Preliminary List of Vulnerability Examples for Researchers},
  year={2006},
  url={http://cwe.mitre.org/documents/sources/PLOVER.pdf}
  }
@article{mathematica2017,
  author={Wikipedia},
  title={Wolfram Mathematica},
  year={2017},
  url={https://en.wikipedia.org/wiki/Wolfram_Mathematica},
  note={[Online accessed 2-March-2017]}
  }
@article{Seila2012Simulation,
  title={Simulation and the Monte Carlo Method},
  author={Seila, Andrew F.},
  journal={Technometrics},
  volume={24},
  number={2},
  pages={167-168},
  year={2012},
}
@article{informationtechnologyindustrylanguages1984,
  title={International standard: Programming languages-C},
  author={Information Technology Industry Council},
  publisher={American national standards institute},
  year={2000},
  }
@article{Hills2008Pluggable,
  title={Pluggable Policies for C},
  author={Hills, Mark and Chen, Feng and Rosu, Grigore},
  year={2008},
}
@article{姚砺2003,
  title={一种改进的基于动态链接库的代码插装技术},
  author={姚砺},
  journal={山东师范大学学报自然科学版},
  volume={18},
  number={3},
  pages={62-65},
  year={2003},
}
@article{李金诺2013,
  title={一种基于约束分析精简控制流图方法},
  author={李金诺},
  journal={计算机与现代化},
  number={10},
  pages={55-61},
  year={2013},
}
@article{Shufen2011Research,
  title={Research on Trustworthiness Evaluation Method for Domain Software Based on Actual Evidence},
  author={Shufen and WANG and Xiaoyan},
  journal={Chinese Journal of Electronics},
  volume={20},
  number={2},
  pages={195-199},
  year={2011},
}
@article{LI2011Survey,
  title={Survey on the Research of Cyber-Physical Systems(CPS)信息物理融合系统(CPS)研究综述},
  author={LI Zuopeng and ZHANU Tian chi and ZHANU     Jing and 黎作鹏 and 张天驰 and 张菁},
  journal={计算机科学},
  volume={38},
  number={9},
  pages={25-31},
  year={2011},
}


@book{Rong2013A,
  title={A model for CPS software system trustworthiness evaluation based on attributes classifying},
  author={Rong, Mei},
  pages={1309-1314},
  year={2013},
}
@article{Tao2012A,
  title={A Metric Model for Trustworthiness of Softwares},
  author={Tao, Hongwei and Chen, Yixiang},
  journal={Telecommunication Systems},
  volume={51},
  number={2},
  pages={95-105},
  year={2012},
}
@book{Aversano2017Analysing,
  title={Analysing the Quality Evolution of Open Source Software Projects},
  author={Aversano, Lerina and Guardabascio, Daniela and Tortorella, Maria},
  year={2017},
}
@book{Roy2014Method,
  title={Method for the Evaluation of Open Source Software Quality from an IT Untrained User Perspective},
  author={Roy, Jonathan and Contini, Clément and Brodeur, François and Diouf, Ndiack and Suryn, Witold},
  publisher={ACM},
  pages={1-6},
  year={2014},
}
@article{Keivanloo2014Software,
  title={Software trustworthiness 2.0-A semantic web enabled global source code analysis approach},
  author={Keivanloo, Iman and Rilling, Juergen},
  journal={Journal of Systems and Software},
  volume={89},
  number={3},
  pages={33-50},
  year={2014},
}
@article{王怀民2014,
  title={基于网络的可信软件大规模协同开发与演化},
  author={王怀民 and 尹刚 and 谢冰 and 刘旭东 and 魏峻 and 刘江宁},
  journal={中国科学:信息科学},
  volume={44},
  number={1},
  pages={1-19},
  year={2014},
}
@article{丁滟2015可信云服务,
  title={可信云服务},
  author={丁滟 and 王怀民 and 史佩昌 and 吴庆波 and 戴华东 and 富弘毅},
  journal={计算机学报},
  volume={38},
  number={1},
  pages={133-149},
  year={2015},
}
@article{丁帅2010,
  title={面向软件演化的可信性评估自适应模型},
  author={丁帅 and 杨善林 and 马溪骏 and 阚红星},
  journal={武汉大学学报(信息科学版)},
  volume={35},
  number={5},
  pages={542-545},
  year={2010},
}
@inproceedings{Ding2009,
  title={一种基于ER方法的软件可信性度量模型},
  author={丁帅 and 杨善林},
  booktitle={海峡两岸信息管理发展与策略学术研讨会},
  year={2009},
}
@article{杨善林2009,
  title={一种基于效用和证据理论的可信软件评估方法},
  author={杨善林 and 丁帅 and 褚伟},
  journal={计算机研究与发展},
  volume={46},
  number={7},
  pages={1152-1159},
  year={2009},
}
@article{杨善林2010,
  title={一种基于证据理论的不确定型软件可信性评估方法},
  author={杨善林 and 丁帅 and 马溪骏 and 余涛 and 阚红星 and 蔡琼 and 石莉},
  year={2010},
}
@article{王婧2015,
  title={航天嵌入式软件可信性度量方法及应用研究},
  author={王婧 and 陈仪香 and 顾斌 and 郭向英 and 王保华 and 金晟毅 and 徐建 and 张居阳},
  journal={中国科学:技术科学},
  number={2},
  pages={221-228},
  year={2015},
}
@article{吴新星2015Web,
  title={Web服务降级替换的一致性问题及量化研究},
  author={吴新星 and 胡国胜 and 陈仪香},
  journal={计算机科学},
  volume={42},
  number={2},
  pages={81-85},
  year={2015},
}
@article{yang2002some,
  title={Some discussion on the development of software technology},
  author={Yang, Fu-Qing and Mei, Hong and Lu, Jian and Jin, Zhi},
  journal={Acta electronica sinica},
  volume={30},
  number={12A},
  pages={1901--1906},
  year={2002}
}

@article{chen2003high,
  title={High confidence software engineering technologies},
  author={Chen, HW and Wang, Ji and Dong, Wei},
  journal={Acta Electronica Sinica},
  volume={31},
  number={12A},
  pages={1933--1938},
  year={2003}
}
@techreport{ISOIEC2005,
  title={Information technology, security techniques evaluation
criteria for IT security},
  author={ISO/IEC},
  institution={ISO/IEC},
  year={2005},
}
@article{billgates2002,
  title={Trustworthy Computing Wired News},
  author={Gates Bill},
  address={http://www.wired.com/news/business/0,1367,49826,00.html},
  year={2002},
}
@article{avizienis2004basic,
  title={Basic concepts and taxonomy of dependable and secure computing},
  author={Avizienis, Algirdas and Laprie, J-C and Randell, Brian and Landwehr, Carl},
  journal={IEEE transactions on dependable and secure computing},
  volume={1},
  number={1},
  pages={11--33},
  year={2004},
  publisher={IEEE}
}

@Article{Wang2006,
author="Wang, Huaimin
and Tang, Yangbin
and Yin, Gang
and Li, Lei",
title="Trustworthiness of Internet-based software",
journal="Science in China Series F: Information Sciences",
year="2006",
volume="49",
number="6",
pages="759--773",
abstract="Recent years see an increasing concern over the trustworthiness of Internet-based software. By analyzing the trustworthiness of Internet-based software and the nature of the Internet, applications, we point out that, on the one hand, due to the openness and dynamic nature of the Internet, the identity trustworthiness and the capability trustworthiness of the software are facing serious challenges; on the other hand, in order to ensure the trustworthiness of the whole system, emerging computing paradigms based on the collaboration of autonomous software need some impacts on the behavior of the software. Here we put forward a conceptual model for the trustworthiness of Internet-based software, and propose a trustworthy assurance framework for Internet-based virtual computing environment (iVCE). This framework deals with the trustworthy properties of software on identity, capability and behavior in a combinated way. The authorization management in inter-domain computing environment, assurance on high availability of service and incentive mechanism for autonomic collaboration are taken as three core mechanisms of iVCE trustworthy assurance.",
issn="1862-2836",
doi="10.1007/s11432-006-2024-4",
url="http://dx.doi.org/10.1007/s11432-006-2024-4"
}
@article{lu2007trust,
  title={Trust management based software confidence assurance in open environment},
  author={L{\"u}, J and Xu, F and Wang, Y},
  journal={Communications of the CCF},
  volume={3},
  number={11},
  pages={26--34},
  year={2007}
}

@article{zeng2010dynamic,
  title={Dynamic evolution mechanism for trustworthy software based on service composition},
  author={Zeng, Jin and Sun, Hai-Long and Liu, Xu-Dong and Deng, Ting and Huai, Jin-Peng},
  journal={Journal of Software},
  volume={21},
  number={2},
  pages={261--276},
  year={2010}
}

@article{trustie2008,
howpublished = {\url{http://www.trustie.org/}},
note = {2008},
title = {A Trustworthy Software Production Environment for Large Scale Software Resource Sharing and Cooperative Development},
author = {Trustie group}
}

@article{li2013improving,
  title={Improving the trustworthiness of medical device software with formal verification methods},
  author={Li, Chunxiao and Raghunathan, Anand and Jha, Niraj K},
  journal={IEEE Embedded Systems Letters},
  volume={5},
  number={3},
  pages={50--53},
  year={2013},
  publisher={IEEE}
}
@article{李苗在2011,
  title={基于证据推理的嵌入式软件可信性评估方法},
  author={李苗在},
  journal={计算机应用研究},
  volume={28},
  number={12},
  pages={4604-4606},
  year={2011},
}
@article{liuke2008,
  title={可信软件基础研究-重大研究计划综述},
  author={刘克 and 单志广 and 王戟 and 何积丰 and 张兆田 and 秦玉文},
  journal={中国科学基金},
  volume={22},
  number={3},
  pages={145--151},
  year={2008}
}  

@article{xiongG2009,
  title={Survey on dependable computing},
  author={Xiong, G and Chang, Z and Sang, N},
  journal={Journal of Computer Applications},
  volume={29},
  number={4},
  pages={915--919},
  year={2009}
}

@article{Rongjiang2014,
  title={A trustworthiness evaluation method for software architectures based on the principle of maximum Entropy (POME) and the Grey Decision-Making method (GDMM)},
  author={Rong Jiang},
  journal={Entropy},
  volume={16},
  number={9},
  pages={4818--4838},
  year={2014}
}

@inproceedings{La1985,
  title={Dependable computing and fault tolerance: concepts and terminology.},
  author={Jean-Claude Laprie},
  booktitle={International symposium on fault-tolerant computing(FTCS), 1985.},
  pages={2--11},
  year={1985},
  organization={IEEE}
}

@article{La2004,
  title={Basic Concept and Taxonomy of Dependability and Secure Computing},
  author={A. Avizienis and Jean-Claude Laprie and Randell},
  journal={On Dependable and Secure Computing},
  volume={1},
  number={1},
  pages={11--33},
  year={2004}
}

@inproceedings{La1995,
  title={Dependable computing:concepts, limits, challenges},
  author={J. C. Laprie},
  booktitle={IEEE Symposium on Fault-Tolerant Computing},
  year={1995},
  organization={IEEE}
}

@article{ding2012,
  title={A novel evidential reasoning based method for software trustworthiness evaluation under the uncertain and unreliable environment},
  author={Shuai Ding and Shan-Lin Yang and Chao Fu},
  journal={Expert Systems With Applications},
  volume={39},
  number={3},
  pages={2700--2709},
  year={2012}
}

@article{schmidt2007,
  title={Fuzzy trust evaluation and credibility development in multi-agent systems},
  author={Schmidt, S and Steele, R and Dillon, T. S and Chang, E},
  journal={Applied Soft Computing},
  volume={7},
  number={2},
  pages={492--505},
  year={2007}
}

@inbook{zarandi2007,
  title={Dependability evaluation of Altera FPGA-based embedded systems subjected to SEUs},
  author={HR Zarandi and SG Miremadi},
  Volume={47},
  pages={461--470},
  publisher={ScienceDirect},
  year={2007}
}
@phdthesis{陶红伟2011,
  title={基于属性的软件可信性度量模型研究},
  author={陶红伟},
  school={华东师范大学},
  year={2011},
}

@book{FB1998,
  title={Trust in Cyberspace},
  author={Schneider, Fred B},
  publisher={National Academy Press},
  year={1998},
}

@article{Wilhelm2006,
  title={Toward trustworthy software systems},
  author={Hasselbring, Wilhelm and Reussner, R},
  journal={Computer},
  volume={39},
  number={4},
  pages={91-92},
  year={2006},
}

@article{Steffen2006,
  title={Trustworthy software systems:a discussion of basic concepts and terminology},
  author={Becker, Steffen and Hasselbring, Wilhelm and Paul, Alexandra and Boskovic, Marko and Koziolek, Heiko and Ploski, Jan and Dhama, Abhishek and Lipskoch, Henrik and Rohr, Matthias and Winteler, Daniel},
  journal={Acm Sigsoft Software Engineering Notes},
  volume={31},
  number={6},
  pages={1-18},
  year={2006},
}

@article{wanghuaimin2010,
  title={网络时代的软件可信演化},
  author={王怀民 and 尹刚},
  journal={中国计算机学会通讯},
  volume={6},
  number={2},
  pages={28--36},
  year={2010}
}
@book{Hetzel1988The,
  title={The complete guide to software testing},
  author={Hetzel, Bill},
  publisher={QED Information Sciences},
  pages={206-207},
  year={1988},
}
@book{Myers1979The,
  title={The Art of Software Testing},
  author={Myers, Glenford J and Sandler, Corey},
  publisher={Wiley},
  pages={174-179},
  year={1979},
}
@article{wanghuaimin2009,
  title={构建协同共享的可信软件生产环境},
  author={王怀民},
  year={2010},
}

@article{langbo2010,
  title={一种软件可信性分级模型},
  author={郎波 and 刘旭东 and 王怀民 and 谢冰 and 毛晓光},
  journal={计算机科学与探索},
  volume={4},
  number={3},
  pages={231--239},
  year={2010}
}

@article{Basili2004,
  title={A unified model of dependability: Capturing dependability in context},
  author={V.Basili and P.Donzelli and S.Asgari},
  journal={IEEE Software},
  volume={21},
  number={6},
  pages={19--25},
  year={2004}
}

@manual{Uzunov2008,
  title={Dependability of software in airborne mission systems},
  author={Uzunov K and Nguyen T},
  address={http://dspace.dsto.defence.gov.au/dspace/bitstream/1947/9335/1/DSTO-TR-2111%20PR.pdf},
  publisher={Defence Science and Technology Organization, Australian Government Department of Defence},
  year={2008}
}

@inproceedings{Paul2008,
  title={An ontology-based integrated assessment framework for high-assurance systems},
  author={Paul RA and Yen IL and Bastani F and et al},
  booktitle={Proceedings of semantic computing},
  pages={386--393},
  year={2008},
  Organizaiton={IEEE}
}

@article{Whitworth2006,
  title={The web of system performance},
  author={Whitworth B and Fjermestad J and Mahinda D},
  journal={Commun ACM},
  volume={49},
  number={5},
  pages={93--99},
  year={2006}
}

@article{Water2000,
  title={Software dependability evaluation based on Markov usage models},
  author={Water, JG},
  journal={Perform Eval},
  volume={40},
  number={4},
  pages={199--222},
  year={2000}
}

@inproceedings{ShiHL2008,
  title={Software dependability evaluation model based on fuzzy theory},
  author={Shi, HL and Ma, J and Zou, FY},
  booktitle={Proceedings of computer science and information technology},
  pages={102--106},
  year={2008}
}

@inproceedings{MaYF2008,
  title={A computation model of trustworthy degree},
  author={Ma, Yanfang and Zhang, Min},
  booktitle={International symposium on intelligent information technology application workshops},
  pages={523--526},
  year={2008}
}

@article{linmei2003,
  title={An adaptive dependability model of component-based software},
  author={Lin, Mei and Xu, Yongsen},
  journal={Acm Sigsoft Software Engineering Notes},
  volume={28},
  number={2},
  pages={10--14},
  year={2003}
}

@article{zhangyang2008,
  title={Trustworthy Metrics Models for Internetware},
  author={Zhang, Yang and Fang, Bin and Xu, Chuanyun},
  journal={Wuhan University Journal Nature Science},
  volume={13},
  number={5},
  pages={547--552},
  year={2008}
}

@inproceedings{Anne2007,
  title={Trustworthiness Evaluation and Testing of Open Source Components},
  author={Immonen, Anne and Palviainen, Marko},
  booktitle={International Conference on Quality Software},
  pages={316--321},
  year={2007}
}

@article{Daiyuanshun2007,
  title={Uncertainty analysis in software reliability modeling by Bayesian analysis with Maximum-entropy principle},
  author={Dai, Yuanshun and Xie, Min and Ng, SzuHui},
  journal={IEEE Transactions on Software Engineering},
  volume={33},
  number={11},
  pages={781--795},
  year={2007}
}

@article{TADelong2005,
  title={Dependability metrics to assess safety-critical systems},
  author={T. A. DeLong and D. T. Smith and B. W. Johnson},
  journal={IEEE Transactions on Reliability},
  volume={54},
  number={3},
  pages={498--505},
  year={2005}
}

@article{HJoe1985,
  title={On the Software Reliability Models of Jelinski-Moranda and Littlewood},
  author={H Joe and N Reid},
  journal={IEEE Transactions on Reliability},
  volume={r-34},
  number={3},
  pages={216--218},
  year={1985}
}

@inproceedings{KMdKhan2003,
  title={A security characterisation framework for trustworthy component based software systems},
  author={K. Md. Khan and Han, Jun},
  booktitle={Proceedings 27th Annual International Computer Software and Applications Conference(COMPAC)},
  pages={164--169},
  year={2003},
  publisher={IEEE}
}

@article{Tokuno2003,
  title={Relationship between software availability measurement and the number of restorations with imperfect debugging},
  author={K. Tokuno and S. Yamada},
  journal={Computers \& Mathematics with Applications},
  volume={46},
  number={7},
  pages={1155--1163},
  year={2003},
  publisher={Elsevier}
}

@article{lixiaohong2011,
  title={Software trustworthiness evaluation based on weakness analysis and testing assessment},
  author={Li, Xiaohong and Wang, Xiangyu and Zhang, Tao and Yi, Jing and Feng, Zhiyong},
  journal={Tsinghua University (Science and Technology)},
  volume={51},
  number={10},
  pages={1287--1293},
  year={2011}
}

@article{yuanyuyu2012,
  title={A Data Mining Based Measurement Method for Software Trustworthiness},
  author={Yuan, Yuyu and Han, Qiang},
  journal={Chinese journal of Electronics},
  volume={21},
  number={1},
  pages={293--296},
  year={2012}
}

@article{shihuiling2008,
  title={Software Dependability Evaluation Model Based on Fuzzy Theory},
  author={Shi, Huiling and Ma, Jun and Zou, Fengyi},
  journal={Computer Science and Information Technology},
  pages={102--106},
  year={2008},
  publisher={IEEE Press}
}

@article{Fenton1998,
author = {N. Fenton and B. Littlewood and M. Neil and L. Strigini and A. Sutcliffe and D. Wright},
title = {Assessing dependability of safety critical systems using diverse evidence},
journal = {IEE Proceedings - Software},
volume = {145},
number = {1},
pages = {35--39},
year={1998}
}

@book{sandro2013,
  title={Fundamental Aspects of Software Measurement},
  author={Sandro Morasca},
  booktitle={Software Engineering},
  publisher={Springer},
  year={2013}
}

@inproceedings{tao2015,
  title={A Software Trustworthiness Measure Based on the Decompositions of Trustworthy Attributes and Its Validation},
  author={Tao, Hongwei and Chen, Yixiang and Pang, Jianmin},
  booktitle={Industry Engineering, Management Science and Applications},
  volume={349},
  pages={981--990},
  year={2015}
}

@inproceedings{tao2009,
  title={A metric model for trustworthiness of softwares},
  author={Tao, Hongwei and Chen, Yixiang},
  booktitle={Web Intelligence and Intelligent Agent Technology},
  volume={3},
  pages={69--72},
  year={2009},
  publisher={IEEE Press}
}

@article{tao2012,
  title={A new metric model for trustworthiness of software},
  author={Tao, Hongwei and Chen, Yixiang},
  journal={Telecommunication Systems},
  volume={51},
  number={2},
  pages={95--105},
  year={2012}
}

@article{zhouwei2010,
  title={基于信息熵理论的综合评价方法},
  author={周薇 and 李筱菁},
  journal={科学技术与工程},
  volume={10},
  number={23},
  pages={5839--5843},
  year={2010}
}

@article{Shannon1948,
  title={A mathematical theory of communication},
  author={Shannon, C. E },
  journal={McGraw-Hill},
  volume={27},
  number={4},
  pages={623--656},
  year={1948}
}

@article{Shridhar1984,
  title={Information entropy and Thomas-Fermi theory},
  author={Bengtsson, Johan and Yi, Wang},
  booktitle={Lectures on Concurrency and Petri Nets},
  pages={87--124},
  year={2004},
  publisher={Springer}
}

@article{Meng1989,
  title={Information theory},
  author={Meng, Q S},
  pages={19--36},
  year={1989},
  publisher={Xi'An Jiaotong University Press}
}

@article{Qiu2002,
  title={Management decision and applied entropy},
  author={Qiu, Wanhua},
  journal={},
  volume={30},
  number={12},
  pages={1907--1912},
  year={2002}
}

@article{Hechao2016,
  title={多目标综合评价中四种确定权重方法的比较与分析},
  author={何超 and 李萌 and 李婷婷 and 彭雪 and 李婕},
  journal={湖北大学学报},
  volume={38},
  number={2},
  pages={172--178},
  year={2016}
}

@article{zhangshijin2015,
  title={Cppcheck的软件缺陷模式分析与定位},
  author={张仕金 and 尚赵伟},
  journal={计算机工程与应用},
  volume={51},
  number={3},
  pages={69--73},
  year={2015}
}

@mastersthesis{zhangshijin2014,
  title={基于Cppcheck软件缺陷模式的研究与定位},
  author={张仕金},
  school={重庆大学},
  year={2014}
}

@techreport{Trustie2009,
  title={软件可信分级规范V2.0},
  author={TRUSTIE},
  institution={TRUSTIE},
  year={2009}
}

@article{Guliang2010,
  title={基于TPM的运行时软件可信证据收集机制},
  author={古亮 and 郭耀 and 王华 and 邹艳珍 and 谢冰 and 邵维忠},
  journal={软件学报},
  volume={21},
  number={2},
  pages={373--387},
  year={2010}
}

@book{Luminyan2011,
  title={软件可靠性工程},
  editor={陆民燕},
  publisher={国防工业出版社},
  year={2011}
}

@book{Jinzhonghe2016,
  title={软件缺陷的灾难与启示},
  author={金钟河},
  publisher={人民邮件出版社},
  year={2016}
}

@inproceedings{liyan2016,
  title={A measurement model for trustworthy software based on trusted evidences},
  author={Li, Yan and Chen, Yixiang},
  booktitle={International Symposium on System and Software Reliability (ISSSR)},
  pages={20--24},
  year={2016},
  publisher={IEEE}
}

@book{Yinhao2011,
  title={程序设计缺陷分析与实践},
  editor={尹浩 and 于秀山},
  year={2011},
  publisher={电子工业出版社}
}


@article{Maccabe1976,
  title={A complexity measure},
  author={THOMAS J. MacCABE},
  journal={IEEE transactions on software engineering},
  volume={4},
  number={2},
  pages={308-320},
  year={1976},
}
@INPROCEEDINGS{Zhanglewen2013, 
title={Stability of Software Trustworthiness Measurements Models}, 
author={L. Zhang and Y. Zhou and Y. Chen and M. Zhang and J. Zhang}, 
booktitle={2013 IEEE Seventh International Conference on Software Security and Reliability Companion}, 
pages={219-224}, 
keywords={Monte Carlo methods;security of data;Monte Carlo method;cyber-physical system security;software evaluation tool;software trustworthiness measurements models;stability rule;Computational modeling;Entropy;Mathematical model;Monte Carlo methods;Software;Software measurement;Stability analysis;Measurement Model of Software Trustworthiness;Monte Carlo method;Stablility}, 
doi={10.1109/SERE-C.2013.23}, 
month={June},
year={2013},}

@article{Caisumei2010, 
title={程序切片技术及其应用的研究},
author={蔡素梅},
journal={软件导刊},
volume={09},
number={11},
pages={44--46},
year={2010}
}

@inproceedings{hy2013SAGIN,
  title={天地一体化信息网络国外发展现状与趋势},
  author={胡源 and 姜会林 and 丁莹 and 刘显著 and 朱一峰},
  booktitle={第二十八届全国通信与信息技术学术年会},
  year={2013},
}

@article{Zhangjun2016,
title={一种基于软件属性相互影响和重要性的属性权重分配方法},
author={张俊 and 周勇},
journal={计算机应用研究},
volume={33},
number={5},
pages={1390--1394},
year={2016}
}

@article{arora2016static,
  title={Static Program Slicing-An Efficient Approach for Prioritization of Test Cases for regression Testing},
  author={Arora, Jyoti},
  journal={International Journal of Computer Applications},
  volume={135},
  number={13},
  pages={18--23},
  year={2016},
  publisher={Citeseer}
}

@article{肖健宇2006,
  title={一种改进的用于并发程序静态切片的程序依赖图},
  author={肖健宇 and 张德运 and 陈海诠 and 董皓},
  journal={微电子学与计算机},
  volume={32},
  number={1},
  pages={6-10},
  year={2006},
}

@article{ferrante1987program,
  title={The program dependence graph and its use in optimization},
  author={Ferrante, Jeanne and Ottenstein, Karl J and Warren, Joe D},
  journal={ACM Transactions on Programming Languages and Systems (TOPLAS)},
  volume={9},
  number={3},
  pages={319--349},
  year={1987},
  publisher={ACM}
}

@article{wikiearthobs,
   author = {Wikipedia},
   title = {Earth observation},
   year = {2015},
   url = {https://en.wikipedia.org/w/index.php?title=Earth_observation\& oldid=684267162},
   note = {[Online accessed 2-March-2016]}
 }
 
 @article{wikigeoss,
   author = {Wikipedia},
   title = {Group on Earth Observations},
   year = {2016},
   url = {https://en.wikipedia.org/w/index.php?title=Group_on_Earth_Observations\& oldid=706661667},
   note = "[Online accessed 2-March-2016]"
 }

@inproceedings{weiser1981program,
  title={Program slicing},
  author={Weiser, Mark},
  booktitle={Proceedings of the 5th international conference on Software engineering},
  pages={439--449},
  year={1981},
  organization={IEEE Press}
}

@inproceedings{zhao1998applying,
  title={Applying program dependence analysis to Java software},
  author={Zhao, Jianjun},
  booktitle={Proceedings of Workshop on Software Engineering and Database Systems, 1998 International Computer Symposium},
  pages={162--169},
  year={1998}
}

@article{jain2013new,
  title={A New approach of program slicing: Mixed SD (static \& dynamic) slicing},
  author={Jain, Mrs Sonam and Poonia, Mr Sandeep},
  journal={International Journal of Advanced Research in Computer and Communication Engineering Vol},
  volume={2},
  year={2013}
}

@article{TP-toolbox-web,
   author = {Daniel Marjamaki},
   title = {Cppcheck},
   howpublished = {\url{https://sourceforge.net/p/cppcheck/wiki/Home/}}
}
@phdthesis{lw2008shedule,
  title={对地观测卫星任务规划模型与算法研究},
  author={刘伟},
  school={中国科学院研究生院(空间科学与应用研究中心)},
  year={2008},
}
@inproceedings{fonseca1993genetic,
  title={Genetic Algorithms for Multiobjective Optimization: FormulationDiscussion and Generalization.},
  author={Fonseca, Carlos M and Fleming, Peter J and others},
  booktitle={ICGA},
  volume={93},
  pages={416--423},
  year={1993},
  organization={Citeseer}
}
